<?xml version="1.0" encoding="UTF-8" ?><marc:collection xmlns:marc="http://www.loc.gov/MARC21/slim" xmlns:xsi="http://www.w3.org/2001/XMLSchema-instance" xsi:schemaLocation="http://www.loc.gov/MARC21/slim http://www.loc.gov/standards/marcxml/schema/MARC21slim.xsd">
<marc:record><marc:leader>01305nam a2200265 a 4500</marc:leader>
<marc:controlfield tag="001">2626</marc:controlfield>
<marc:controlfield tag="003">aeadna</marc:controlfield><marc:controlfield tag="005">20110119135900.0</marc:controlfield><marc:controlfield tag="008">970119s1865||||iq            000 0dara| </marc:controlfield><marc:datafield tag="035" ind1=" " ind2=" "><marc:subfield code="a">(Sirsi) 2626</marc:subfield></marc:datafield><marc:datafield tag="040" ind1=" " ind2=" "><marc:subfield code="a">nal</marc:subfield><marc:subfield code="b">ara</marc:subfield><marc:subfield code="e">AACR2</marc:subfield></marc:datafield><marc:datafield tag="041" ind1="0" ind2=" "><marc:subfield code="a">ara</marc:subfield></marc:datafield><marc:datafield tag="050" ind1=" " ind2="4"><marc:subfield code="a">CS2970</marc:subfield><marc:subfield code="b">.I22 1865a</marc:subfield></marc:datafield><marc:datafield tag="082" ind1="1" ind2="0"><marc:subfield code="a">929.456</marc:subfield><marc:subfield code="b">21</marc:subfield></marc:datafield><marc:datafield tag="090" ind1=" " ind2=" "><marc:subfield code="a">929.456</marc:subfield><marc:subfield code="b">ق ي أ ن</marc:subfield></marc:datafield><marc:datafield tag="100" ind1="2" ind2=" "><marc:subfield code="a">ابن القيسراني، محمد بن طاهر،</marc:subfield><marc:subfield code="d">.1056-1113</marc:subfield></marc:datafield><marc:datafield tag="245" ind1="1" ind2="2"><marc:subfield code="a">الأنساب المتفقه /</marc:subfield><marc:subfield code="c"> أبي الفضل محمد بن طاهر المعروف بإبن القيسراني؛ تحقيق دي يونج.</marc:subfield></marc:datafield><marc:datafield tag="246" ind1="1" ind2="3"><marc:subfield code="a">الأنساب المتفقة في الخط المتماثله في النقط والضبط.</marc:subfield></marc:datafield><marc:datafield tag="246" ind1="1" ind2="5"><marc:subfield code="a">Homonyma inter nomina relativa, auctore Abu'l-Fadhl Mohammed ibn Táhir al-Makdisi, vulgo dicto Ibno'l-Kaísarání, quae cum appendice Abu Musae Ispahanensis e codd. Leyd. et Berolin, edidit P. de Jong.</marc:subfield></marc:datafield><marc:datafield tag="260" ind1=" " ind2=" "><marc:subfield code="a">ليدن :</marc:subfield><marc:subfield code="b">بريل،</marc:subfield><marc:subfield code="c">[1865]م.</marc:subfield></marc:datafield><marc:datafield tag="300" ind1=" " ind2=" "><marc:subfield code="a">19: 229 ص. ؛</marc:subfield><marc:subfield code="c">25 سم.</marc:subfield></marc:datafield><marc:datafield tag="500" ind1=" " ind2=" "><marc:subfield code="a">على ظهر غلاف الكتاب عبارة: يُطلب من مكتبة المثنى ببغداد.</marc:subfield></marc:datafield><marc:datafield tag="650" ind1=" " ind2="4"><marc:subfield code="a">الأنساب العربية</marc:subfield><marc:subfield code="x">تراجم</marc:subfield></marc:datafield><marc:datafield tag="650" ind1=" " ind2="4"><marc:subfield code="a">أسماء الأشخاص</marc:subfield><marc:subfield code="z">العالم العربي.</marc:subfield></marc:datafield><marc:datafield tag="700" ind1="0" ind2=" "><marc:subfield code="a">يونج، بيتر دي، </marc:subfield><marc:subfield code="d"> 1832-1890. </marc:subfield><marc:subfield code="e">محقّق.</marc:subfield></marc:datafield></marc:record>
</marc:collection>
